month,marketing_spend,active_users,churn_rate,refund_rate,funding_received,revenue
2022-01,5248357.076505616,995852,0.056476885381006925,0.03761514928204013,0,9396093.807395535
2022-01,4982923.312638332,972975,0.06879212815507392,0.035837173645764546,0,9060419.79108317
2022-03,4965262.807032524,976276,0.05136582307187538,0.03167135123214872,0,9261287.797146818
2022-04,5420981.135783017,882601,0.041750821674869674,0.03318856235379514,127751354,8457516.830389384
2022-05,5134091.294890886,916475,0.06422078901564743,0.034160117490284615,0,8576182.523868846
2022-05,5571232.301193328,898960,0.07634339265502543,0.03947627225847784,0,8303303.437388383
2022-06,5337438.574434996,937383,0.04773280384269908,0.04759711805780918,0,8926390.811355192
2022-07,6089596.317257502,826967,0.08230228193897038,0.04586559457364709,0,7589057.288117754
2022-08,5606763.524717722,805236,0.07966112826781042,0.042477732748117045,0,7410899.917181414
2022-09,5211030.348088759,809406,0.07238534281825816,0.048333286392543126,102631083,7508168.6921084495
2022-10,6369233.289997705,805141,0.0788435171761176,0.04849448152205356,0,7416608.517373036
2022-11,5360739.004816286,758404,0.07839361229040213,0.05728561113109458,0,6989499.7086451
2022-12,6371809.144784231,707108,0.08924083969394796,0.052074588597918414,0,6440050.883256919
2023-01,5961538.999847021,758350,0.09930999522495951,0.06065640059558099,0,6830382.651211519
2023-02,5980391.238388681,710723,0.09531263431403564,0.0628777256356118,0,6429821.186024257
2023-03,6260412.881077355,694430,0.08393665025993972,0.05401896687959665,0,6361418.719599901
2023-04,7006262.911197099,720687,0.09727989878419667,0.06701766448946012,0,6505786.415849137
2023-05,6880818.012523817,640646,0.10461395605508414,0.07169018283232985,140053374,5736254.875091346
2023-06,6492562.120291345,649986,0.09019282975727748,0.06459596854236624,0,5913619.233573862
2023-07,6870091.368169165,648835,0.12494280843008587,0.07090344770865013,0,5677677.328922652
2023-08,7148825.224254173,569156,0.09581403536984442,0.07095168492482584,0,5146228.668850408
2023-09,7167876.914738243,598242,0.12004981311332721,0.07380461688795568,0,5264231.597034569
2023-10,6466516.057410237,586778,0.11494742865998821,0.06922326777641147,0,5193293.777057495
2023-11,7092617.682797267,498037,0.11555919458688682,0.07975392942794711,0,4404842.4540553065
